<record><leader>00000cas a2200000 a 4500</leader><controlfield tag="001">12388919</controlfield><controlfield tag="008">850815d18441845iluwr ne      0    0eng c</controlfield><datafield ind1=" " ind2=" " tag="010"><subfield code="a">sn 85058215 </subfield></datafield><datafield ind1=" " ind2=" " tag="040"><subfield code="a">UNP</subfield><subfield code="b">eng</subfield><subfield code="c">UNP</subfield><subfield code="d">NPU</subfield><subfield code="d">NVF</subfield><subfield code="d">CVF</subfield><subfield code="d">OCL</subfield><subfield code="d">NVF</subfield><subfield code="d">OCLCQ</subfield><subfield code="d">OCLCF</subfield><subfield code="d">OCLCO</subfield></datafield><datafield ind1="1" ind2=" " tag="029"><subfield code="a">AU@</subfield><subfield code="b">000020104145</subfield></datafield><datafield ind1=" " ind2=" " tag="042"><subfield code="a">pcc</subfield></datafield><datafield ind1=" " ind2=" " tag="043"><subfield code="a">n-us-il</subfield></datafield><datafield ind1="0" ind2="4" tag="245"><subfield code="a">The Warsaw signal and agricultural, literary and commercial register.</subfield></datafield><datafield ind1="3" ind2="0" tag="246"><subfield code="a">Warsaw signal and agricultural, commercial and literary register</subfield></datafield><datafield ind1="1" ind2=" " tag="246"><subfield code="i">Published June 29, 1844 as:</subfield><subfield code="a">Warsaw signal</subfield></datafield><datafield ind1=" " ind2=" " tag="260"><subfield code="a">Warsaw, Ill. :</subfield><subfield code="b">Sharp and Head,</subfield><subfield code="c">1844-1845.</subfield></datafield><datafield ind1=" " ind2=" " tag="300"><subfield code="a">v.</subfield></datafield><datafield ind1=" " ind2=" " tag="310"><subfield code="a">Weekly</subfield></datafield><datafield ind1="0" ind2=" " tag="362"><subfield code="a">New ser., no. 1 (Feb. 14, 1844)-new ser., no. 52 (Feb. 26, 1845) = whole no. 118-167.</subfield></datafield><datafield ind1=" " ind2=" " tag="500"><subfield code="a">Publishers: Sharp and Head, Feb. 14-Aug. 21, 1844 ; Tho's C. Sharp, Aug. 28, 1844-1845.</subfield></datafield><datafield ind1=" " ind2="0" tag="650"><subfield code="a">Mormons</subfield><subfield code="z">Illinois</subfield><subfield code="v">Newspapers.</subfield></datafield><datafield ind1=" " ind2="0" tag="651"><subfield code="a">Warsaw (Ill.)</subfield><subfield code="v">Newspapers.</subfield></datafield><datafield ind1=" " ind2="7" tag="655"><subfield code="a">Newspapers.</subfield><subfield code="2">fast</subfield><subfield code="0">(OCoLC)fst01423814</subfield></datafield><datafield ind1=" " ind2="7" tag="650"><subfield code="a">Mormons.</subfield><subfield code="2">fast</subfield><subfield code="0">(OCoLC)fst01026314</subfield></datafield><datafield ind1=" " ind2="7" tag="651"><subfield code="a">Illinois.</subfield><subfield code="2">fast</subfield><subfield code="0">(OCoLC)fst01205143</subfield></datafield><datafield ind1=" " ind2="7" tag="651"><subfield code="a">Illinois</subfield><subfield code="z">Warsaw.</subfield><subfield code="2">fast</subfield><subfield code="0">(OCoLC)fst01262643</subfield></datafield><datafield ind1=" " ind2=" " tag="752"><subfield code="a">United States</subfield><subfield code="b">Illinois</subfield><subfield code="c">Hancock</subfield><subfield code="d">Warsaw.</subfield></datafield><datafield ind1="0" ind2="0" tag="780"><subfield code="t">Warsaw message</subfield><subfield code="w">(DLC)sn 85058214</subfield><subfield code="w">(OCoLC)12388899</subfield></datafield><datafield ind1="0" ind2="0" tag="785"><subfield code="t">Warsaw signal (Warsaw, Ill. : 1845)</subfield><subfield code="w">(DLC)sn 85058216</subfield><subfield code="w">(OCoLC)12388949</subfield></datafield></record>